% - Vision
@string{bmvc={Proceedings of the British Machine Vision Conference (BMVC)}}
@string{cviu={Computer Vision and Image Understanding (CVIU)}}
@string{cvpr={Proceedings of the IEEE Conference on Computer Vision and Pattern Recognition (CVPR)}}
@string{cvprws={Proceedings of the IEEE Conference on Computer Vision and Pattern Recognition (CVPR) Workshop}}
@string{eccv={Proceedings of the IEEE European Conference on Computer Vision (ECCV)}}
@string{eccvws={Proceedings of the IEEE European Conference on Computer Vision (ECCV) Workshop}}
@string{iccv={Proceedings of the IEEE International Conference on Computer Vision (ICCV)}}
@string{iccvws={Proceedings of the IEEE International Conference on Computer Vision (ICCV) Workshop}}
@string{icip={Proceedings of the IEEE International Conference on Image Processing (ICIP)}}
@string{accv={Asian Conference on Computer Vision}}
@string{ijcv={International Journal of Computer Vision (IJCV)}}
@string{ijcnn={International Joint Conference on Neural Networks}}
@string{pr={Pattern Recognition}}
@string{wacv={Proceedings of the IEEE Winter Conference on Application of Computer Vision (WACV)}}
@string{icpr={International Conference on Pattern Recognition}}
@string{iscv={International Symposium on Visual Computing (ISVC)}}
% 3D - Graphics

@string{troisdv={International Conference on 3D Vision (3DV)}}
@string{siggraph = {International Association for Computing Machinery's Special Interest Group on Computer Graphics and Interactive Techniques (SIGGRAPH)}}


% - NLP
@string{emnlp={Proceedings of the Conference on Empirical Methods in Natural Language Processing (EMNLP)}}
@string{naacl={Proceedings of the Conference of the North American Chapter of the Association for Computational Linguistics (NAACL)}}
@string{acl={Proceedings of the Annual Meeting of the Association for Computational Linguistics (ACL Short Papers)}}
@string{coling={International Conference on Computational Linguistics (COLING)}}
@string{ecir={European Conference on Information Retrieval (ECIR)}}

% - Generalist 
@string{arxiv={arXiv preprint library}}
@string{iclr={Proceedings of the International Conference on Learning Representations (ICLR)}}
@string{icml={International Conference on Machine Learning (ICML)}}
@string{icmlws={International Conference on Machine Learning (ICML) Workshop}}
@string{neurips={Advances in Neural Information Processing Systems (NeurIPS)}}
@string{neuripsws={Advances in Neural Information Processing Systems (NeurIPS) Workshop}}
@string{tpami={IEEE Transactions on Pattern Analysis and Machine Intelligence (TPAMI)}}
@string{aaai={Proceedings of the AAAI Conference on Artificial Intelligence (AAAI)}}
@string{pnas={Proceedings of the National Academy of Sciences}}
@string{jmlr={Journal of Machine Learning Research}}
@string{icann={International Conference on Artificial Neural Networks}}
@string{sensors={Sensors}}
@string{ijcai={International Joint Conference on Artificial Intelligence}}

% - Misc
@string{sigir={ACM Conference on Research and Development in Information Retrieval (SIGIR)}}
@string{trendcogsci={Trends in cognitive sciences}}
@string{corl={Annual Conference on Robot Learning (CORL)}}
@string{uai={Conference on Uncertainty in Artificial Intelligence}}
@string{spl={IEEE Signal Processing Letters}}
@string{tkde={IEEE Transactions on Knowledge and Data Engineering}}
@string{impro = {IEEE transactions on image processing}}
@string{miccai={International Conference on Medical Image Computing and Computer Assisted Intervention (MICCAI)}}
@string{icassp={IEEE International Conference on Acoustics, Speech and Signal Processing (ICASSP)}}
@string{aistats={Internaltional Conference on Artificial Intelligence and Statistics (AISTATS)}}
@string{icra={IEEE Internaltional Conference on Robotics and Automation (ICRA)}}
@string{iros={IEEE/RSJ International Conference on Intelligent Robots and Systems (IROS)}}
@string{aslp={IEEE/ACM Transactions on Audio Speech and Language Processing}}


%styleganxl

%%%%%%%%%%%%%%%%%%%
%% OUR CONTRIBUTION.
%%%%%%%%%%%%%%%%%%%%

@article{landreau2024epinerf,
  title={EpiNeRF: epipolar-based feature attention for single-image novel view synthesis},
  author={Landreau, Gaétan and Tamaazousti, Mohamed},
  journal={arXiv preprint arXiv:0000.0000},
  year={2024}
}

@@inproceedings{landreau2022epipolarnvs,
  title={EpipolarNVS: leveraging on Epipolar geometry for single-image Novel View Synthesis},
  author={Landreau, Gaétan and Tamaazousti, Mohamed},
  journal=bmvc,
  year={2022}
}

@@article{landreau2022adaptativesr,
  title={Pruning-based Topology Refinement of 3D Mesh using a 2D Alpha Mask},
  author={Landreau, Gaétan and Tamaazousti, Mohamed},
  journal=iscv,
  year={2022}
}



%%%%%%%%%%%%%%%%%%%%%%%
%%%% EpipolarNVS - TEMP.
%%%%%%%%%%%%%%%%%%%%%%%
@inproceedings{sun2018multiview,
  title={Multi-view to Novel View: Synthesizing Novel Views with Self-Learned Confidence},
  author={Sun, Shao-Hua and Huh, Minyoung and Liao, Yuan-Hong and Zhang, Ning and Lim, Joseph J},
  booktitle=eccv,
  year={2018}
}
 
@inproceedings{kim2020novel,
  title={Novel View Synthesis with Skip Connections},
  author={Juhyeon, Kim and Min Kim, Young},
  booktitle=icip,
  year={2020}
}

@inproceedings{wiles2020synsin,
  author={Wiles, Olivia and Gkioxari, Georgia and Szeliski, Richard and Johnson, Justin},
  title = {{SynSin}: {E}nd-to-end View Synthesis from a Single Image},
  booktitle = cvpr,
  year = {2020}
}


@inproceedings{zhang2018unreasonable,
  title={The Unreasonable Effectiveness of Deep Features as a Perceptual Metric},
  author={Zhang, Richard and Isola, Phillip and Efros, Alexei A and Shechtman, Eli and Wang, Oliver},
  booktitle=cvpr,
  year={2018}
}

@inproceedings{zhou2016view,
	title={View Synthesis by Appearance Flow},
	author={Zhou, Tinghui and Tulsiani, Shubham and Sun, Weilun and Malik, Jitendra and Efros, Alexei A},
	booktitle=eccv,
	year={2016}
}

@article{tatarchenko2015single,
  title={Single-view to Multi-view: Reconstructing Unseen Views with a Convolutional Network},
  author={ Tatarchenko, Maxim and Dosovitskiy, Alexey and Brox, Thomas},
  journal={arXiv preprint arXiv:1511.06702v1},
  year={2015}
}

@inproceedings{park2017transformation,
  title = {Transformation-Grounded Image Generation Network for Novel 3D View Synthesis},
  author={Park, Eunbyung and Yang, Jimei and Yumer, Ersin and Ceylan, Duygu and Berg, Alexander C},
  booktitle = cvpr,
  year = {2017}
}


@inproceedings{ronneberger2015u,
  title = {U-net: Convolutional networks for biomedical image segmentation},
  author = {Ronneberger, Olaf and  Fisher, Philipp and Brox, Thomas},
  booktitle = miccai,
  year = {2015}
}


@article{oktay2018attention,
  author={Oktay, Ozan and Schlemper, Jo and Folgoc, Loic Le and Lee, Matthew and Heinrich, Mattias and Misawa, Kazunari and Mori, Kensaku and McDonagh, Steven and Hammerla, Nils Y and Kainz, Bernhard and others},
  title     = {Attention U-Net: Learning Where to Look for the Pancreas},
  journal   = {arXiv preprint arXiv:1804.03999},
  year  = {2018}
}

@inproceedings{alami2018unsupervised,
  author    = {Alami Mejjati, Youssef and Richardt, Christian and Tompkin, James and Cosker, Darren and Kim, Kwang In},
  title     = {Unsupervised attention-guided image-to-image translation},
  booktitle   = neurips,
  year    = {2018}
}

@article{wang2004image,
  author={Wang, Zhou and Bovik, Alan C and Sheikh, Hamid R and Simoncelli, Eero P},
  journal=impro, 
  title={Image quality assessment: from error visibility to structural similarity}, 
  year={2004},
}


@inproceedings{goodfellow2014generative, 
  title={Generative adversarial nets}, 
  author={Goodfellow, Ian and Pouget-Abadie, Jean and Mirza, Mehdi and Xu, Bing and Warde-Farley, David and Ozair, Sherjil and Courville, Aaron and Bengio, Yoshua}, 
  booktitle=neurips, 
  year={2014} 
}

@book{hartley2003multiple,
  title={Multiple view geometry in computer vision},
  author={Hartley, Richard and Zisserman, Andrew},
  year={2003},
  publisher={Cambridge university press}
}


%%%%% NERF-based paper

@inproceedings{mildenhall2021nerf,
 title={NeRF: Representing Scenes as Neural Radiance Fields for View Synthesis},
 author={Mildenhall, Ben and  P. Srinivasan, Pratul and Tancik, Matthew and  T. Barron, Jonathan and al.},
 year={2020},
 booktitle=eccv
}


 @inproceedings{niemeyer2022regnerf,
 author={Niemeyer, Michael and Barron, Jonathan T and Mildenhall, Ben and Sajjadi, Mehdi SM and Geiger, Andreas and Radwan, Noha},
title     = {RegNeRF: Regularizing Neural Radiance Fields for View Synthesis from Sparse Inputs},
booktitle = cvpr,
year      = {2022}}
        
    
@inproceedings{wang2021neus,
      title={NeuS: Learning Neural Implicit Surfaces by Volume Rendering for Multiview Reconstruction}, 
      author={Wang, Peng and Liu, Lingjie and Liu, Yuan and Theobalt, Christian and Komura, Taku and Wang, Wenping},
	  booktitle=neurips,
      year={2021}
}    

@inproceedings{barron2021mip,
    title={Mip-NeRF: A Multiscale Representation 
           for Anti-Aliasing Neural Radiance Fields},
    author={Barron, Jonathan T and Mildenhall, Ben and Tancik, Matthew and Hedman, Peter and Martin-Brualla, Ricardo and Srinivasan, Pratul P},
    booktitle=iccv,
    year={2021}
}

@inproceedings{barron2022mip,
    title={Mip-NeRF 360: Unbounded Anti-Aliased Neural Radiance Fields},
    author={Barron, Jonathan T and Mildenhall, Ben and Verbin, Dor and Srinivasan, Pratul P and Hedman, Peter},
    booktitle=cvpr,
    year={2022}
}

@inproceedings{li2021mine,
    title={MINE: Towards Continuous Depth MPI with NeRF for Novel View Synthesis}, 
    author={Li, Jiaxin and Feng, Zijian and She, Qi and Ding, Henghui and Wang, Changhu and Lee, Gim Hee},
    year={2021}, 
    booktitle=iccv
}

@inproceedings{yu2021pixelnerf,
  title={{pixelNeRF}: Neural Radiance Fields from One or Few Images},
  author={Yu, Alex and Ye, Vickie and Tancik, Matthew and Kanazawa, Angjoo},
  year={2021},
  booktitle=cvpr
}
%%%%%%%%%%%% Datasets 

% ShapeNet
@article{chang2015shapenet,
  title = {ShapeNet: An Information-Rich 3D Model Repository},
  author={Chang, Angel X and Funkhouser, Thomas and Guibas, Leonidas and Hanrahan, Pat and Huang, Qixing and Li, Zimo and Savarese, Silvio and Savva, Manolis and Song, Shuran and Su, Hao and others},
  journal={arXiv preprint arXiv:1512.03012},
  year ={2015}
}

% Synthia
@inproceedings{ros2016synthia,
author={Ros, German and  Sellart, Laura and Materzynska, Joanna and Vazquez, David and Lopez, Antonio M},
title={ {The SYNTHIA Dataset}: A Large Collection of Synthetic Images for Semantic Segmentation of Urban Scenes},
booktitle=cvpr,
year={2016}
}

% KITTI
@inproceedings{geiger2012we,
  author = {Geiger, Andreas  and  Lenz, Philip and  Urtasun, Raquel},
  title = {Are we ready for Autonomous Driving? The KITTI Vision Benchmark Suite},
  booktitle = cvpr,
  year = {2012}
} 

% extended ShapeNet
@inproceedings{xu2019disn,
  title={DISN: Deep Implicit Surface Network for High-quality Single-view 3D Reconstruction},
  author={Xu, Qiangeng and Wang, Weiyue and Ceylan, Duygu and Mech, Radomir and Neumann, Ulrich},
  booktitle=neurips,
  year={2019}
}


% SuperResolution 
@inproceedings{fritsche2019frequency,
author={Fritsche, Manuel and Gu, Shuhang and Timofte, Radu},
title ={Frequency Separation for Real-World Super-Resolution},
booktitle=iccvws,
year = {2019},
}

% Additional ones

@inproceedings{zhao2021camera, 
title={Camera Pose Matters: Improving Depth Prediction by Mitigating Pose Distribution Bias},
author={Zhao, Yunhan and Kong, Shu and Fowlkes, Charless}, 
booktitle=cvpr,
year={2021} }


@inproceedings{rombach2021geometry,
      title={Geometry-Free View Synthesis: Transformers and no 3D Priors},
      author={Rombach, Robin and Esser, Patrick and Ommer, Bj{\"o}rn},
      year={2021},
     booktitle = iccv
}

@inproceedings{PixelSynth,
  author = {Rockwell, Chris and Fouhey, David F and Johnson, Justin},
  title = {PixelSynth: Generating a 3D-Consistent Experience from a Single Image},
  booktitle = iccv,
  year = 2021
}

@inproceedings{liu2021infinite,
  author = {Liu, Andrew and Tucker, Richard and Jampani, Varun and
            Makadia, Ameesh and Snavely, Noah and Kanazawa, Angjoo},
  title = {Infinite Nature: Perpetual View Generation of Natural Scenes from a Single Image},
  booktitle = iccv,
  year = {2021}
}


@inproceedings{chang2017matterport3d,
  title={Matterport3D: Learning from RGB-D Data in Indoor Environments},
  author={Chang, Angel and Dai, Angela and Funkhouser, Thomas and Halber, Maciej and Niessner, Matthias and Savva, Manolis and Song, Shuran and Zeng, Andy and Zhang, Yinda},
  booktitle=troisdv,
  year={2017}
}

@inproceedings{zhou2018stereo,
    Author = {Zhou, Tinghui and Tucker, Richard and Flynn, John and Fyffe, Graham and Snavely, Noah},
    Title = {Stereo Magnification: Learning View Synthesis using Multiplane Images},
    booktitle = siggraph,
    Year = {2018}
}

@inproceedings{tamaazousti2011nonlinear,
  title={Nonlinear refinement of structure from motion reconstruction by taking advantage of a partial knowledge of the environment},
  author={Tamaazousti, Mohamed and Gay-Bellile, Vincent and Collette, Sylvie Naudet and Bourgeois, Steve and Dhome, Michel},
  journal=cvpr,
  year={2011}
}
